@book{skelton,
author = {Skelton, Robert and Oliveira, Mauricio},
year = {2013},
month = {02},
pages = {},
title = {Tensegrity Systems},
journal = {Tensegrity Systems},
doi = {10.1007/978-0-387-74242-7}
}